@Online{TensorFlow:2024,
  title = {{{TensorFlow}}},
  url = {https://www.tensorflow.org/},
  urldate = {2024-09-22},
  langid = {english},
  organization = {TensorFlow}
}

@Article{pedregosaScikitlearnMachineLearning:2011,
  title = {Scikit-Learn: {{Machine Learning}} in {{Python}}},
  shorttitle = {Scikit-Learn},
  author = {Pedregosa, Fabian and Varoquaux, Gaël and Gramfort, Alexandre and Michel, Vincent and Thirion, Bertrand and Grisel, Olivier and Blondel, Mathieu and Prettenhofer, Peter and Weiss, Ron and Dubourg, Vincent and Vanderplas, Jake and Passos, Alexandre and Cournapeau, David and Brucher, Matthieu and Perrot, Matthieu and Duchesnay, Édouard},
  date = {2011},
  journaltitle = {Journal of Machine Learning Research},
  volume = {12},
  number = {85},
  pages = {2825--2830},
  issn = {1533-7928},
  url = {http://jmlr.org/papers/v12/pedregosa11a.html},
  urldate = {2024-09-15}
}

@Online{ScikitLearnDevelopers:2024,
  title = {Nested versus Non-Nested Cross-Validation},
  author = {{Scikit-Learn Developers}},
  date = {2024},
  url = {https://scikit-learn/stable/auto_examples/model_selection/plot_nested_cross_validation_iris.html},
  urldate = {2024-09-22},
  langid = {english},
  organization = {scikit-learn}
}

@Online{KFoldScikitlearn152,
  title = {{{KFold}} — Scikit-Learn Documentation},
  url = {https://scikit-learn.org/stable/modules/generated/sklearn.model_selection.KFold.html},
  urldate = {2024-09-22}
}




